<?xml version="1.0" encoding="utf-8"?>
<record xmlns="http://www.loc.gov/MARC21/slim" xmlns:xsi="http://www.w3.org/2001/XMLSchema-instance" xsi:schemaLocation="http://www.loc.gov/MARC21/slim http://www.loc.gov/standards/marcxml/schema/MARC21slim.xsd">
	<leader>     nam a22     Mi 4500</leader>
	<controlfield tag="001">2834949</controlfield>
	<controlfield tag="003">NjP</controlfield>
	<controlfield tag="006">m        d        </controlfield>
	<controlfield tag="007">cr cn |||m|||a</controlfield>
	<controlfield tag="008">180802s1905    ua      o     000 0 ara d</controlfield>
	<datafield ind1="7" ind2=" " tag="024">
		<subfield code="a">princeton_aco001142</subfield>
		<subfield code="2">local</subfield>
	</datafield>
	<datafield ind1=" " ind2=" " tag="040">
		<subfield code="a">ZYU</subfield>
		<subfield code="b">eng</subfield>
		<subfield code="c">ZYU</subfield>
	</datafield>
	<datafield ind1=" " ind2="4" tag="050">
		<subfield code="a">BP135.2</subfield>
		<subfield code="b">.i2 1905</subfield>
	</datafield>
	<datafield ind1="1" ind2=" " tag="100">
		<subfield code="6">880-01</subfield>
		<subfield code="a">Ibn al-Athīr, Majd al-Dīn al-Mubārak ibn Muḥammad,</subfield>
		<subfield code="d">1149-1209.</subfield>
	</datafield>
	<datafield ind1="1" ind2="3" tag="245">
		<subfield code="6">880-02</subfield>
		<subfield code="a">Nihayah fi gharib al-Hadith wa-al-athar</subfield>
		<subfield code="h">[electronic resource] /</subfield>
		<subfield code="c">li-Majd al-Din Abi al-Sa`adāt al-Mubarak ibn Muhammad ibn Muhammad al-Jazari al-ma`ruf Ibn Athir</subfield>
	</datafield>
	<datafield ind1=" " ind2=" " tag="260">
		<subfield code="6">880-03</subfield>
		<subfield code="a">al-Qāhirah :</subfield>
		<subfield code="b">al-Maṭbaʻah al-Khayrīyah,</subfield>
		<subfield code="c">[1904]</subfield>
	</datafield>
	<datafield ind1=" " ind2=" " tag="300">
		<subfield code="a">online resource (4 v.)</subfield>
	</datafield>
	<datafield ind1=" " ind2=" " tag="500">
		<subfield code="a">Part of the Arabic Collections Online (ACO) project, contributed by Princeton University Libraries.</subfield>
	</datafield>
	<datafield ind1=" " ind2=" " tag="533">
		<subfield code="a">Electronic reproduction.</subfield>
		<subfield code="b">New York, N.Y. :</subfield>
		<subfield code="c">New York University,</subfield>
		<subfield code="d">2018.</subfield>
		<subfield code="5">NNU</subfield>
	</datafield>
	<datafield ind1=" " ind2=" " tag="546">
		<subfield code="a">Title-pages and text in Arabic.</subfield>
	</datafield>
	<datafield ind1=" " ind2=" " tag="590">
		<subfield code="a">With the abridgment of Jalāl al-Dīn al-Suyūṭi. On the margins are Mufradāt alfāẓ al-Qurʾān, by al-Rāghib al-Iṣfahāni, and Taṣḥīfāt al-muḥaddithīn fi gharīb al-Ḥadīth, by al-ʻAskari.</subfield>
	</datafield>
	<datafield ind1=" " ind2=" " tag="590">
		<subfield code="a">Photocopy.</subfield>
	</datafield>
	<datafield ind1=" " ind2="0" tag="650">
		<subfield code="a">Hadith.</subfield>
	</datafield>
	<datafield ind1="0" ind2=" " tag="700">
		<subfield code="6">880-04</subfield>
		<subfield code="a">Suyūṭī,</subfield>
		<subfield code="d">1445-1505.</subfield>
	</datafield>
	<datafield ind1="1" ind2="2" tag="700">
		<subfield code="6">880-05</subfield>
		<subfield code="a">Rāghib al-Iṣfahānī, Abū al-Qāsim al-Ḥusayn ibn Muḥammad,</subfield>
		<subfield code="d">-1108 or 1109.</subfield>
		<subfield code="t">Nihāyah fī gharīb al-ḥadīth wa-al-athar.</subfield>
	</datafield>
	<datafield ind1="1" ind2="2" tag="700">
		<subfield code="6">880-06</subfield>
		<subfield code="a">ʻAskarī, al-Ḥasan ibn ʻAbd Allāh,</subfield>
		<subfield code="d">906-993.</subfield>
		<subfield code="t">Nihāyah fī gharīb al-ḥadīth wa-al-athar.</subfield>
	</datafield>
	<datafield ind1="2" ind2=" " tag="710">
		<subfield code="a">Princeton University.</subfield>
		<subfield code="b">Library.</subfield>
	</datafield>
	<datafield ind1="0" ind2=" " tag="730">
		<subfield code="a">Arabic Collections Online.</subfield>
	</datafield>
	<datafield ind1="0" ind2="8" tag="776">
		<subfield code="i">Print version:</subfield>
		<subfield code="a">Ibn al-Athīr, Majd al-Dīn al-Mubārak ibn Muḥammad, 1149-1209.</subfield>
		<subfield code="t">Nihayah fi gharib al-Hadith wa-al-athar</subfield>
		<subfield code="w">(NjP)2834949</subfield>
	</datafield>
	<datafield ind1="4" ind2="0" tag="856">
		<subfield code="u">http://hdl.handle.net/2333.1/g79cnvtn</subfield>
	</datafield>
	<datafield ind1="1" ind2=" " tag="880">
		<subfield code="6">100-01</subfield>
		<subfield code="a">ابن الاثير، مجد الدين المبارك بن محمد،‎‎</subfield>
		<subfield code="d">1149-1209.</subfield>
	</datafield>
	<datafield ind1="1" ind2="2" tag="880">
		<subfield code="6">245-02</subfield>
		<subfield code="a">النهاية في غريب الحديث والاثر /‎‎</subfield>
		<subfield code="c">لمجد الدين أبي السعادات المبارك بن محمد بن محمد الجزري المعروف ابن الأثير‎‎</subfield>
	</datafield>
	<datafield ind1=" " ind2=" " tag="880">
		<subfield code="6">260-03</subfield>
		<subfield code="a">القاهرة :‎‎</subfield>
		<subfield code="b">المطبعة الخيرية،‎‎</subfield>
		<subfield code="c">[1904]</subfield>
	</datafield>
	<datafield ind1="0" ind2=" " tag="880">
		<subfield code="6">700-04</subfield>
		<subfield code="a">سيوطي،‎‎</subfield>
		<subfield code="d">1445-1505.</subfield>
	</datafield>
	<datafield ind1="1" ind2="2" tag="880">
		<subfield code="6">700-05</subfield>
		<subfield code="a">عسكري، الحسن ابن عبد الله،,‎‎</subfield>
		<subfield code="d">906-993.</subfield>
		<subfield code="t">نهاية في غريب الحديث والأثر.‎‎</subfield>
	</datafield>
	<datafield ind1="1" ind2="2" tag="880">
		<subfield code="6">700-06</subfield>
		<subfield code="a">عسكري، الحسن بن عبد الله،‎‎</subfield>
		<subfield code="d">906-993.</subfield>
		<subfield code="t">نهاية في غريب الحديث والاثر.‎‎</subfield>
	</datafield>
	<datafield ind1=" " ind2=" " tag="911">
		<subfield code="a">20000220</subfield>
	</datafield>
	<datafield ind1=" " ind2=" " tag="959">
		<subfield code="a">NNU</subfield>
		<subfield code="b">WEB</subfield>
		<subfield code="c">GENI</subfield>
		<subfield code="t">0</subfield>
		<subfield code="m">Electronic access</subfield>
		<subfield code="s">01</subfield>
	</datafield>
	<datafield ind1=" " ind2=" " tag="999">
		<subfield code="i">NjP_2834949</subfield>
		<subfield code="s">princeton_aco001142:vol.1</subfield>
		<subfield code="s">princeton_aco001143:vol.2</subfield>
		<subfield code="s">princeton_aco001144:vol.3</subfield>
		<subfield code="s">princeton_aco001145:vol.4</subfield>
		<subfield code="e">(ERROR-880)(ERROR-MISC)</subfield>
		<subfield code="s">princeton_aco001142:vol.1</subfield>
		<subfield code="s">princeton_aco001143:vol.2</subfield>
		<subfield code="s">princeton_aco001144:vol.3</subfield>
		<subfield code="s">princeton_aco001145:vol.4</subfield>
	</datafield>
</record>
